<?xml version="1.0" encoding="UTF-8"?><collection xmlns="http://www.loc.gov/MARC21/slim"><record><leader>00559nam--2200193-u-4500</leader><controlfield tag="001">000050343</controlfield><controlfield tag="002">20161230</controlfield><controlfield tag="005">20161230201048</controlfield><controlfield tag="008">070111s1000------------r-----000-0-eng-d</controlfield><datafield ind1=" " ind2=" " tag="020"><subfield code="a">0750306718</subfield></datafield><datafield ind1=" " ind2=" " tag="040"><subfield code="a">IFIN-HH</subfield></datafield><datafield ind1=" " ind2=" " tag="080"><subfield code="a">530.12</subfield></datafield><datafield ind1="1" ind2=" " tag="100"><subfield code="a">Duff,M.J.(ed.)</subfield></datafield><datafield ind1="1" ind2="0" tag="245"><subfield code="a">The World in Eleven Dimensions:Supergravity, Supermembranes and M-Theory</subfield><subfield code="c">M.J. Duff (Ed.)</subfield></datafield><datafield ind1=" " ind2=" " tag="260"><subfield code="a">Bristol</subfield><subfield code="b">Institute of Physics Publishing</subfield><subfield code="c">1999</subfield></datafield><datafield ind1=" " ind2=" " tag="300"><subfield code="a">513 p</subfield></datafield><datafield ind1=" " ind2="4" tag="650"><subfield code="a">The eleven-dimensional supermembrane</subfield></datafield><datafield ind1=" " ind2=" " tag="852"><subfield code="c">530.12</subfield></datafield><datafield ind1=" " ind2=" " tag="CAT"><subfield code="a">Sys</subfield><subfield code="c">20110324</subfield><subfield code="h">121703</subfield></datafield></record></collection>